% Use this file for citations not found in the ACL Anthology (contained in "anthology.bib").

@article{collins2017sexual,
  title={Sexual media and childhood well-being and health},
  author={Collins, Rebecca L and Strasburger, Victor C and Brown, Jane D and Donnerstein, Edward and Lenhart, Amanda and Ward, L Monique},
  journal={Pediatrics},
  volume={140},
  number={Supplement\_2},
  pages={S162--S166},
  year={2017},
  url ="https://pubmed.ncbi.nlm.nih.gov/29093054/",
  publisher={American Academy of Pediatrics Elk Grove Village, IL, USA}
}

@article{mitchell2014accessing,
  title={Accessing sexual health information online: use, motivations and consequences for youth with different sexual orientations},
  author={Mitchell, Kimberly J and Ybarra, Michele L and Korchmaros, Josephine D and Kosciw, Joseph G},
  journal={Health education research},
  volume={29},
  number={1},
  pages={147--157},
  year={2014},
  publisher={Oxford University Press}
}
@book{summers2016social,
  title={Social Psychology: How Other People Influence Our Thoughts and Actions [2 volumes]},
  author={Summers, Randal W},
  year={2016},
  publisher={ABC-CLIO}
}
@article{radford2022robust,
  title={Robust speech recognition via large-scale weak supervision},
  author={Radford, Alec and Kim, Jong Wook and Xu, Tao and Brockman, Greg and McLeavey, Christine and Sutskever, Ilya},
  journal={arXiv preprint arXiv:2212.04356},
  year={2022}
}
@article{DBLP:journals/corr/abs-1810-04805,
  author    = {Jacob Devlin and
               Ming{-}Wei Chang and
               Kenton Lee and
               Kristina Toutanova},
  title     = {{BERT:} Pre-training of Deep Bidirectional Transformers for Language
               Understanding},
  journal   = {CoRR},
  volume    = {abs/1810.04805},
  year      = {2018},
  url       = {http://arxiv.org/abs/1810.04805},
  archivePrefix = {arXiv},
  eprint    = {1810.04805},
  timestamp = {Tue, 30 Oct 2018 20:39:56 +0100},
  biburl    = {https://dblp.org/rec/journals/corr/abs-1810-04805.bib},
  bibsource = {dblp computer science bibliography, https://dblp.org}
}
@inproceedings{wolf-etal-2020-transformers,
    title = "Transformers: State-of-the-Art Natural Language Processing",
    author = "Thomas Wolf and Lysandre Debut and Victor Sanh and Julien Chaumond and Clement Delangue and Anthony Moi and Pierric Cistac and Tim Rault and Rémi Louf and Morgan Funtowicz and Joe Davison and Sam Shleifer and Patrick von Platen and Clara Ma and Yacine Jernite and Julien Plu and Canwen Xu and Teven Le Scao and Sylvain Gugger and Mariama Drame and Quentin Lhoest and Alexander M. Rush",
    booktitle = "Proceedings of the 2020 Conference on Empirical Methods in Natural Language Processing: System Demonstrations",
    month = oct,
    year = "2020",
    address = "Online",
    publisher = "Association for Computational Linguistics",
    url = "https://www.aclweb.org/anthology/2020.emnlp-demos.6",
    pages = "38--45"
}
@article{videomae,
  title={VideoMAE: Masked Autoencoders are Data-Efficient Learners for Self-Supervised Video Pre-Training},
  author={Tong, Zhan and Song, Yibing and Wang, Jue and Wang, Limin},
  journal={arXiv preprint arXiv:2203.12602},
  year={2022}
}
@article{fowler2021let,
  title={Let's Tok about sex},
  author={Fowler, Leah R and Schoen, Lauren and Morain, Stephanie R},
  journal={Journal of Adolescent Health},
  volume={69},
  number={5},
  pages={687--688},
  year={2021},
  url={"https://www.sciencedirect.com/science/article/pii/S1054139X21003906"},
  publisher={Elsevier}
}
@article{fowler2022sex,
  title={Sex education on TikTok: a content analysis of themes},
  author={Fowler, Leah R and Sch{\"o}n, Lauren and Smith, Hadley Stevens and Morain, Stephanie R},
  journal={Health promotion practice},
  volume={23},
  number={5},
  pages={739--742},
  year={2022},
  url ="https://doi.org/10.1177/15248399211031536",
  publisher={SAGE Publications Sage CA: Los Angeles, CA}
}

@article{bronstein2021deplatforming,
  title={Deplatforming sexual speech in the age of FOSTA/SESTA},
  author={Bronstein, Carolyn},
  journal={Porn Studies},
  volume={8},
  number={4},
  pages={367--380},
  year={2021},
  url = "https://doi.org/10.1080/23268743.2021.1993972",
  publisher={Taylor \& Francis}
}
@article{peters2020sexual,
  title={Sexual Content and Social Media Moderation},
  author={Peters, Jonathan},
  journal={Washburn LJ},
  volume={59},
  pages={469},
  year={2020},
  publisher={HeinOnline}
}
@article{cifuentes2022survey,
  title={A survey of artificial intelligence strategies for automatic detection of sexually explicit videos},
  author={Cifuentes, Jenny and Sandoval Orozco, Ana Lucila and Garc{\'\i}a Villalba, Luis Javier},
  journal={Multimedia Tools and Applications},
  volume={81},
  number={3},
  pages={3205--3222},
  year={2022},
  publisher={Springer}
}
@article{meister2022gender,
  title={Gender Artifacts in Visual Datasets},
  author={Meister, Nicole and Zhao, Dora and Wang, Angelina and Ramaswamy, Vikram V and Fong, Ruth and Russakovsky, Olga},
  journal={arXiv preprint arXiv:2206.09191},
  year={2022}
}
@inproceedings{fiallos2021tiktok,
  title={Tiktok and Education: Discovering Knowledge through Learning Videos},
  author={Fiallos, Angel and Fiallos, Carlos and Figueroa, Stalin},
  booktitle={2021 Eighth International Conference on EDemocracy \& EGovernment (ICEDEG)},
  pages={172--176},
  year={2021},
  organization={IEEE}
}
 @misc{iovine_2021,
 title={Why is tiktok removing sex ed videos?}, 
 url={https://mashable.com/article/tiktok-sex-education-content-removal},
 journal={Mashable}, 
 publisher={Mashable}, 
 author={Iovine, Anna}, 
 year={2021}, 
 month={Oct}
 } 
 @inproceedings{ribeiro2016should,
  title={" Why should i trust you?" Explaining the predictions of any classifier},
  author={Ribeiro, Marco Tulio and Singh, Sameer and Guestrin, Carlos},
  booktitle={Proceedings of the 22nd ACM SIGKDD international conference on knowledge discovery and data mining},
  pages={1135--1144},
  year={2016}
}
@article{american2015guidelines,
  title={Guidelines for psychological practice with transgender and gender nonconforming people},
  author={American Psychological Association},
  journal={American psychologist},
  volume={70},
  number={9},
  pages={832--864},
  url="https://psycnet.apa.org/record/2015-55237-002?doi=1",
  year={2015}
}

@article{cohen1960coefficient,
  title={A coefficient of agreement for nominal scales},
  author={Cohen, Jacob},
  journal={Educational and psychological measurement},
  volume={20},
  number={1},
  pages={37--46},
  year={1960},
  publisher={Sage Publications Sage CA: Thousand Oaks, CA}
}

@inproceedings{ganguly2017detecting,
  title={Detecting sexually provocative images},
  author={Ganguly, Debashis and Mofrad, Mohammad H and Kovashka, Adriana},
  booktitle={2017 IEEE Winter Conference on Applications of Computer Vision (WACV)},
  pages={660--668},
  year={2017},
  organization={IEEE}
}

@inproceedings{fleck1996finding,
  title={Finding naked people},
  author={Fleck, Margaret M and Forsyth, David A and Bregler, Chris},
  booktitle={Computer Vision—ECCV'96: 4th European Conference on Computer Vision Cambridge, UK, April 15--18, 1996 Proceedings Volume II 4},
  pages={593--602},
  year={1996},
  organization={Springer}
}

@inproceedings{platzer2014skin,
  title={Skin sheriff: a machine learning solution for detecting explicit images},
  author={Platzer, Christian and Stuetz, Martin and Lindorfer, Martina},
  booktitle={Proceedings of the 2nd international workshop on Security and forensics in communication systems},
  pages={45--56},
  year={2014}
}
@inproceedings{wang2005identification,
  title={Identification and annotation of erotic film based on content analysis},
  author={Wang, Donghui and Zhu, Miaoliang and Yuan, Xin and Qian, Hui},
  booktitle={Electronic Imaging and Multimedia Technology IV},
  volume={5637},
  pages={88--94},
  year={2005},
  organization={SPIE}
}

@inproceedings{lee2006implementation,
  title={Implementation of high performance objectionable video classification system},
  author={Lee, Hogyun and Lee, Seungmin and Nam, Taekyong},
  booktitle={2006 8th International Conference Advanced Communication Technology},
  volume={2},
  pages={4--pp},
  year={2006},
  organization={IEEE}
}

@inproceedings{garcia2018pornographic,
  title={A pornographic image and video filtering application using optimized nudity recognition and detection algorithm},
  author={Garcia, Manuel B and Revano, Teodoro F and Habal, Beau Gray M and Contreras, Jennifer O and Enriquez, John Benedic R},
  booktitle={2018 IEEE 10th International Conference on Humanoid, Nanotechnology, Information Technology, Communication and Control, Environment and Management (HNICEM)},
  pages={1--5},
  year={2018},
  organization={IEEE}
}

@inproceedings{deselaers2008bag,
  title={Bag-of-visual-words models for adult image classification and filtering},
  author={Deselaers, Thomas and Pimenidis, Lexi and Ney, Hermann},
  booktitle={2008 19th International Conference on Pattern Recognition},
  pages={1--4},
  year={2008},
  organization={IEEE}
}

@inproceedings{lopes2009bag,
  title={A bag-of-features approach based on hue-sift descriptor for nude detection},
  author={Lopes, Ana PB and de Avila, Sandra EF and Peixoto, Anderson NA and Oliveira, Rodrigo S and Ara{\'u}jo, Arnaldo de A},
  booktitle={2009 17th European Signal Processing Conference},
  pages={1552--1556},
  year={2009},
  organization={IEEE}
}

@inproceedings{ulges2011automatic,
  title={Automatic detection of child pornography using color visual words},
  author={Ulges, Adrian and Stahl, Armin},
  booktitle={2011 IEEE international conference on multimedia and expo},
  pages={1--6},
  year={2011},
  organization={IEEE}
}

@article{zhang2013approach,
  title={An approach of bag-of-words based on visual attention model for pornographic images recognition in compressed domain},
  author={Zhang, Jing and Sui, Lei and Zhuo, Li and Li, Zhenwei and Yang, Yuncong},
  journal={Neurocomputing},
  volume={110},
  pages={145--152},
  year={2013},
  publisher={Elsevier}
}

@INPROCEEDINGS{4156017,
  author={Rea, N. and Lacey, G. and Dahyotit, R. and Dahyot, R.},
  booktitle={The 3rd European Conference on Visual Media Production (CVMP 2006) - Part of the 2nd Multimedia Conference 2006}, 
  title={Multimodal Periodicity Analysis for Illicit Content Detection in Videos}, 
  year={2006},
  volume={},
  number={},
  pages={106-114},
  doi={10.1049/cp:20061978}}


@inproceedings{zuo2008recognition,
  title={Recognition of blue movies by fusion of audio and video},
  author={Zuo, Haiqiang and Wu, Ou and Hu, Weiming and Xu, Bo},
  booktitle={2008 IEEE International Conference on Multimedia and Expo},
  pages={37--40},
  year={2008},
  organization={IEEE}
}

@misc{Pierse_Transformers_Interpret_2021,
author = {Pierse, Charles},
month = feb,
title = {{Transformers Interpret}},
url = {https://github.com/cdpierse/transformers-interpret},
version = {0.5.2},
year = {2021}
}

@book{bird2009natural,
  title={Natural language processing with Python: analyzing text with the natural language toolkit},
  author={Bird, Steven and Klein, Ewan and Loper, Edward},
  year={2009},
  publisher={" O'Reilly Media, Inc."}
}